@Misc{ipsj-csec18:J17-CS,
  author =    {情報処理学会 コンピュータ科学教育委員会},
  title =     {カリキュラム標準コンピュータ科学領域 ({J17}-{CS})},
  howpublished = {\url{https://www.ipsj.or.jp/annai/committee/education/j07/ed_j17-CS.html}},
  year =      2018,
}

@Article{角田24,
  author =       {角田 博保},
  title =        {大学情報入試の動向：1．大学情報入試の概要},
  journal =      {情報処理},
  year =         2024,
  volume =    65,
  number =    2,
  pages =     {e1--e5}}

@InProceedings{小宮24,
  author =       {小宮 常康 and
                  渡辺 博芳 and
                  中山 泰一 and
                  成見 哲 and
                  山路 浩夫},
  title =        {電気通信大学における情報入試体験会の実施結果概要の報告},
  booktitle = {第86回全国大会講演論文集},
  year =      2024,
  pages =     {365--366},
}

@Book{kumar24:CS2023,
  author =    {Kumar, Amruth N. and
               Raj, Rajendra K. and
               Aly, Sherif G. and
               Anderson, Monica D. and
               Becker, Brett A. and
               Blumenthal, Richard L. and
               Eaton, Eric and
               Epstein, Susan L. and
               Goldweber, Michael and
               Jalote, Pankaj and
               Lea, Douglas and
               Oudshoorn, Michael and
               Pias, Marcelo and
               Reiser, Susan and
               Servin, Christian and
               Simha, Rahul and
               Winters, Titus and
               Xiang, Qiao},
  title =        {Computer Science Curricula 2023},
  publisher =    {ACM},
  year =         2024,
  month =     {May},
  doi = {10.1145/3664191},
}
